@misc{CrisAE,
  author={C. Estrada},
  title= {Práctica 1},
  year= 2021,
  url={https://github.com/CrisAE/Simulacion/blob/master/P1/P1.R}
}

@misc{R,
author={The {R} {F}oundation},
year=2021,
title={The {R} {P}roject for {S}tatistical {C}omputing},
url={https://www.r-project.org/}
}

@misc{Dra.Elisa,
  author={E. Schaeffer},
  title= {Código de {R}: caminata.{R}},
  year= 2021,
  url={https://github.com/satuelisa/Simulation/blob/master/BrownianMotion/caminata.R}
}

