@misc{dra,
author={Schaeffer E.},
year=2021,
title={Práctica 7: {B}úsqueda local.},
url={https://elisa.dyndns-web.com/teaching/comp/par/p7.html}
}

@misc{R,
author={The {R} {F}oundation},
year=2021,
title={The {R} {P}roject for {S}tatistical {C}omputing},
url={https://www.r-project.org/}
}

@misc{codigo,
author={Schaeffer E.},
year=2021,
title={{B}úsqueda local.},
url={https://github.com/satuelisa/Simulation/blob/master/LocalSearch/replicas.R}
}

@misc{vazquez,
author={Vázquez F.},
year=2021,
title={Práctica 7: {B}úsqueda local.},
url={https://github.com/fvzqa/Simulacion/blob/master/Tarea07/Tarea7.ipynb}
}

@misc{mtyor,
author={Montemayor M.},
year=2021,
title={Práctica 7: {B}úsqueda local.},
url={https://github.com/MariaMontemayor/Simul/tree/main/tarea7}
}