@misc{dra,
author={E. Schaeffer},
year=2021,
title={Práctica 3: teoría de colas},
url={https://elisa.dyndns-web.com/teaching/comp/par/p3.htmll}
}
@misc{R,
author={The {R} {F}oundation},
year=2020,
title={The {R} {P}roject for {S}tatistical {C}omputing},
url={https://www.r-project.org/}
}
@misc{primespage,
author={Primes{P}ages},
year=2021
title={Primes{P}ages},
url={https://primes.utm.edu/lists/small/millions/}
}