%% Primera referencia
@article{KOMAROVA2021100463,
title = {Network models and the interpretation of prolonged infection plateaus in the {COVID}-19 pandemic},
journal = {Epidemics},
volume = 35,
pages = {100463},
year = 2021,
issn = {1755-4365},
doi = {10.1016/j.epidem.2021.100463},
author = {Natalia L. Komarova and Asma Azizi and Dominik Wodarz}
}

%% Segunda referencia
@article{JORGE2021100465,
title = {Assessing the nationwide impact of {COVID}-19 mitigation policies on the transmission rate of {SARS-COV}-2 in {B}razil},
journal = {Epidemics},
volume = 35,
pages = {100465},
year = 2021,
issn = {1755-4365},
doi = {10.1016/j.epidem.2021.100465},
author = {Moreno Rodrigues and Mateus Silva and Luciana Cardim and Nivea da Silva and Ismael Silveira and Vivian Silva and Felipe Pereira and Arthur de Azevedo and Alan Amad and Suani Pinho and Roberto Andrade and Pablo Ramos and Juliane Oliveira}
}
%Daniel Jorge and 

%% Tercera referencia
@inbook{Parasumanna,
author = {Parasumanna Gokulan and Balaji and Srinivasan D.},
year = 2010,
month = 07,
pages = {1--27},
title = {An Introduction to Multi-Agent Systems},
volume = 310,
isbn = {978-3-642-14434-9},
journal = {Studies in Computational Intelligence},
doi = {10.1007/978-3-642-14435-6_1}
}

%% Cuarta referencia
@inbook{Alfredo,
author = {Alfredo Garro and Max Muhlhauser and Andrea Tundis and Matteo Baldoni and Cristina Baroglio and Federico Bergenti and Paolo Torroni},
title = {Intelligent Agents: Multi-Agent Systems},
journal = {Encyclopedia of Bioinformatics and Computational Biology},
pages = {315--320},
year = 2019,
doi = {10.1016/B978-0-12-809633-8.20328-2}
}

%% Quinta referencia
@article{COOPER2020110057,
title = {A SIR model assumption for the spread of COVID-19 in different communities},
journal = {Chaos, Solitons \& Fractals},
volume = 139,
pages = {110057},
year = 2020,
issn = {0960-0779},
doi={10.1016/j.chaos.2020.110057},
author = {Ian Cooper and Argha Mondal and Chris G. Antonopoulos}
}

%% Sexta referencia
@misc{R,
author={{The {R} {F}oundation}},
year=2021,
title={The {R} {P}roject for {S}tatistical {C}omputing},
url={https://www.r-project.org/}
}

%% Séptima referencia
@misc{codigo,
author={E. Schaeffer},
year=2021,
title={Multi{A}gent.},
url={https://github.com/satuelisa/Simulation/blob/master/MultiAgent/SIR.R}
}

%segunda referencia
%%author = {Daniel C.P. Jorge and Moreno S. Rodrigues and Mateus S. Silva and Luciana L. Cardim and Nivea B. da Silva and Ismael H. Silveira and Vivian A.F. Silva and Felipe A.C. Pereira and Arthur R. {de Azevedo} and Alan A.S. Amad and Suani T.R. Pinho and Roberto F.S. Andrade and Pablo I.P. Ramos and Juliane F. Oliveira}
%cuarta referencia
%author = {Alfredo Garro and Max Mühlhäuser and Andrea Tundis and Matteo Baldoni and Cristina Baroglio and Federico Bergenti and Paolo Torroni},