@misc{dra,
author={Schaeffer E.},
year=2021,
title={Pr√°ctica 11: {F}rentes de {P}areto},
url={https://elisa.dyndns-web.com/teaching/comp/par/p11.html}
}

@misc{R,
author={The {R} {F}oundation},
year=2021,
title={The {R} {P}roject for {S}tatistical {C}omputing},
url={https://www.r-project.org/}
}

@misc{codigo,
author={Schaeffer E.},
year=2021,
title={{F}rentes de {P}areto.},
url={https://github.com/satuelisa/Simulation/blob/master/ParetoFronts/violin.R}
}