@misc{dra,
author={Schaeffer E.},
year=2021,
title={Pr√°ctica 4: diagramas de {V}oronoi},
url={https://elisa.dyndns-web.com/teaching/comp/par/p4.html}
}

@misc{R,
author={The {R} {F}oundation},
year=2021,
title={The {R} {P}roject for {S}tatistical {C}omputing},
url={https://www.r-project.org/}
}

@misc{dracodigo,
author={Fractura.R},
year=2021,
title={Schaeffer {E}.},
url={https://github.com/satuelisa/Simulation/blob/master/VoronoiDiagrams/fracture.R}
}