@misc{R,
author={The {R} {F}oundation},
year=2021,
title={The {R} {P}roject for {S}tatistical {C}omputing},
url={https://www.r-project.org/}
}

@misc{Dra.Elisa,
  author={E. Schaeffer},
  title= {game{O}f{L}ife.{R}},
  year= 2021,
  url={https://github.com/satuelisa/Simulation/blob/master/CellularAutomata/gameOfLife.R}
}
@misc{GIPHY,
    author={Jace {C}ooke},
    year=2013,
    title={GIPHY},
    url={http://www.giphy.com/}
}
@misc{C.Estrada,
  author={C. Estrada},
  title= {Pr√°ctica 2},
  year= 2021,
  url={https://github.com/CrisAE/Simulacion/blob/master/P2/P2.R
}