@misc{dra,
author={Schaeffer E.},
year=2021,
title={Práctica 6: {S}istema {M}ultiagente.},
url={https://elisa.dyndns-web.com/teaching/comp/par/p6.html}
}

@misc{R,
author={The {R} {F}oundation},
year=2021,
title={The {R} {P}roject for {S}tatistical {C}omputing},
url={https://www.r-project.org/}
}

@misc{codigo,
author={Schaeffer E.},
year=2021,
title={Sistema {M}ultiagente.},
url={https://github.com/satuelisa/Simulation/blob/master/MultiAgent/SIR.R}
}

@misc{llano,
author={Llano A.},
year=2021,
title={Práctica 6: {S}istema {M}ultiagente.},
url={https://github.com/anaeli24/simulacion/tree/master/P6}
}

@misc{mtyor,
author={Montemayor M.},
year=2021,
title={Tarea 6: {S}istema {M}ultiagente.},
url={https://github.com/MariaMontemayor/Simul/tree/main/tarea6}
}