@misc{dra,
author={Schaeffer E.},
year=2021,
title={Práctica 9: {I}nteracciones entre partículas.},
url={https://elisa.dyndns-web.com/teaching/comp/par/p9.html}
}

@misc{R,
author={The {R} {F}oundation},
year=2021,
title={The {R} {P}roject for {S}tatistical {C}omputing},
url={https://www.r-project.org/}
}

@misc{codigo,
author={Schaeffer E.},
year=2021,
title={{I}nteracciones entre partículas.},
url={https://github.com/satuelisa/Simulation/blob/master/Particles/interaction.R}
}


@misc{mtyor,
author={Montemayor M.},
year=2021,
title={Práctica 9: {I}nteracciones entre partículas.},
url={https://github.com/MariaMontemayor/Simul/tree/main/tarea9}
}